@InProceedings{maas-EtAl:2011:ACL-HLT2011,
  author    = {Maas, Andrew L.  and  Daly, Raymond E.  and  Pham, Peter T.  and  Huang, Dan  and  Ng, Andrew Y.  and  Potts, Christopher},
  title     = {Learning Word Vectors for Sentiment Analysis},
  booktitle = {Proceedings of the 49th Annual Meeting of the Association for Computational Linguistics: Human Language Technologies},
  month     = {June},
  year      = {2011},
  address   = {Portland, Oregon, USA},
  publisher = {Association for Computational Linguistics},
  pages     = {142--150},
  url       = {http://www.aclweb.org/anthology/P11-1015}
}

@article{sentimenttreebank,
  title={Recursive Deep Models for Semantic Compositionality Over a Sentiment Treebank},
  author={Richard Socher, Alex Perelygin, Jean Wu, Jason Chuang, Christopher Manning, Andrew Ng and Christopher Potts},
  journal={Conference on Empirical Methods in Natural Language Processing},
  year={2013}
}

@article{mitchell2015,
  title={Never-Ending Learning},
  author={T. Mitchell, W. Cohen, E. Hruschka, P. Talukdar, J. Betteridge, A. Carlson, B. Dalvi, M. Gardner, B. Kisiel, J. Krishnamurthy, N. Lao, K. Mazaitis, T. Mohamed, N. Nakashole, E. Platanios, A. Ritter, M. Samadi, B. Settles, R. Wang, D. Wijaya, A. Gupta, X. Chen, A. Saparov, M. Greaves, J. Welling}
  journal={Proceedings of the Conference on Artificial Intelligence (AAAI)},
  year={2015}
}

@article{word2vec,
  title={Distributed Representations of Words and Phrases and their Compositionality},
  author={Tomas Mikolov, Ilya Sutskever, Kai Chen, Greg Corrado, Jeffrey Dean},
  journal={arXiv:1310.4546},
  year={2013}
}

@article{young2017recent,
  title={Recent trends in deep learning based natural language processing},
  author={Young, Tom and Hazarika, Devamanyu and Poria, Soujanya and Cambria, Erik},
  journal={arXiv preprint arXiv:1708.02709},
  year={2017}
}

@article{allahyari2017brief,
  title={A brief survey of text mining: Classification, Clustering and Extraction Techniques},
  author={Allahyari, Mehdi and Pouriyeh, Seyedamin and Assefi, Mehdi and Safaei, Saied and Trippe, Elizabeth D and Gutierrez, Juan B and Kochut, Krys},
  journal={arXiv preprint arXiv:1707.02919},
  year={2017}
}

@article{gantz2012digital,
  title={The digital universe in 2020: Big data, bigger digital shadows, and biggest growth in the far east},
  author={Gantz, John and Reinsel, David},
  journal={IDC iView: IDC Analyze the future},
  volume={2007},
  number={2012},
  pages={1--16},
  year={2012}
}

@article{kim2014convolutional,
  title={Convolutional neural networks for sentence classification},
  author={Kim, Yoon},
  journal={arXiv preprint arXiv:1408.5882},
  year={2014}
}

@inproceedings{gopal2010multilabel,
  title={Multilabel classification with meta-level features},
  author={Gopal, Siddharth and Yang, Yiming},
  booktitle={Proceedings of the 33rd international ACM SIGIR conference on Research and development in information retrieval},
  pages={315--322},
  year={2010},
  organization={ACM}
}

@article{joulin2016bag,
  title={Bag of tricks for efficient text classification},
  author={Joulin, Armand and Grave, Edouard and Bojanowski, Piotr and Mikolov, Tomas},
  journal={arXiv preprint arXiv:1607.01759},
  year={2016}
}

@article{forman2003extensive,
  title={An extensive empirical study of feature selection metrics for text classification},
  author={Forman, George},
  journal={Journal of machine learning research},
  volume={3},
  number={Mar},
  pages={1289--1305},
  year={2003}
}
