@article{Fan:2008:LLL:1390681.1442794,
 author = {Fan, Rong-En and Chang, Kai-Wei and Hsieh, Cho-Jui and Wang, Xiang-Rui and Lin, Chih-Jen},
 title = {LIBLINEAR: A Library for Large Linear Classification},
 journal = {J. Mach. Learn. Res.},
 issue_date = {6/1/2008},
 volume = {9},
 month = jun,
 year = {2008},
 issn = {1532-4435},
 pages = {1871--1874},
 numpages = {4},
 url = {http://dl.acm.org/citation.cfm?id=1390681.1442794},
 acmid = {1442794},
 publisher = {JMLR.org},
}

@article{salton1975vector,
  title={A vector space model for automatic indexing},
  author={Salton, Gerard and Wong, Anita and Yang, Chung-Shu},
  journal={Communications of the ACM},
  volume={18},
  number={11},
  pages={613--620},
  year={1975},
  publisher={ACM}
}

@inproceedings{pang2002thumbs,
  title={Thumbs up?: sentiment classification using machine learning
      techniques},
  author={Pang, Bo and Lee, Lillian and Vaithyanathan, Shivakumar},
  booktitle={Proceedings of the ACL-02 conference on Empirical methods in
      natural language processing-Volume 10},
  pages={79--86},
  year={2002},
  organization={Association for Computational Linguistics}
}

@inproceedings{pang2005seeing,
  title={Seeing stars: Exploiting class relationships for sentiment
      categorization with respect to rating scales},
  author={Pang, Bo and Lee, Lillian},
  booktitle={Proceedings of the 43rd annual meeting on association for
      computational linguistics},
  pages={115--124},
  year={2005},
  organization={Association for Computational Linguistics}
}

@article{pang2008opinion,
  title={Opinion mining and sentiment analysis},
  author={Pang, Bo and Lee, Lillian},
  journal={Foundations and Trends{\textregistered} in Information Retrieval},
  volume={2},
  number={1--2},
  pages={1--135},
  year={2008},
  publisher={Now Publishers, Inc.}
}

@inproceedings{maas2011learning,
  title={Learning Word Vectors for Sentiment Analysis},
  author={Maas, Andrew L and Daly, Raymond E and Pham, Peter T and Huang, Dan
      and Ng, Andrew Y and Potts, Christopher},
  booktitle={Proceedings of the 49th annual meeting of the association for
      computational linguistics: Human language technologies-volume 1},
  pages={142--150},
  year={2011},
  organization={Association for Computational Linguistics}
}

@article{sentimenttreebank,
  title={Recursive Deep Models for Semantic Compositionality Over a Sentiment Treebank},
  author={Richard Socher, Alex Perelygin, Jean Wu, Jason Chuang, Christopher Manning, Andrew Ng and Christopher Potts},
  journal={Conference on Empirical Methods in Natural Language Processing},
  year={2013}
}

@article{mitchell2015,
  title={Never-Ending Learning},
  author={T. Mitchell, W. Cohen, E. Hruschka, P. Talukdar, J. Betteridge, A. Carlson, B. Dalvi, M. Gardner, B. Kisiel, J. Krishnamurthy, N. Lao, K. Mazaitis, T. Mohamed, N. Nakashole, E. Platanios, A. Ritter, M. Samadi, B. Settles, R. Wang, D. Wijaya, A. Gupta, X. Chen, A. Saparov, M. Greaves, J. Welling}
  journal={Proceedings of the Conference on Artificial Intelligence (AAAI)},
  year={2015}
}

@article{word2vec,
  title={Distributed Representations of Words and Phrases and their Compositionality},
  author={Tomas Mikolov, Ilya Sutskever, Kai Chen, Greg Corrado, Jeffrey Dean},
  journal={arXiv:1310.4546},
  year={2013}
}

@article{mikolov2013efficient,
  title={Efficient estimation of word representations in vector space},
  author={Mikolov, Tomas and Chen, Kai and Corrado, Greg and Dean, Jeffrey},
  journal={arXiv preprint arXiv:1301.3781},
  year={2013}
}

@article{young2017recent,
  title={Recent trends in deep learning based natural language processing},
  author={Young, Tom and Hazarika, Devamanyu and Poria, Soujanya and Cambria, Erik},
  journal={arXiv preprint arXiv:1708.02709},
  year={2017}
}

@article{allahyari2017brief,
  title={A brief survey of text mining: Classification, Clustering and Extraction Techniques},
  author={Allahyari, Mehdi and Pouriyeh, Seyedamin and Assefi, Mehdi and Safaei, Saied and Trippe, Elizabeth D and Gutierrez, Juan B and Kochut, Krys},
  journal={arXiv preprint arXiv:1707.02919},
  year={2017}
}

@article{gantz2012digital,
  title={The digital universe in 2020: Big data, bigger digital shadows, and biggest growth in the far east},
  author={Gantz, John and Reinsel, David},
  journal={IDC iView: IDC Analyze the future},
  volume={2007},
  number={2012},
  pages={1--16},
  year={2012}
}

@article{kim2014convolutional,
  title={Convolutional neural networks for sentence classification},
  author={Kim, Yoon},
  journal={arXiv preprint arXiv:1408.5882},
  year={2014}
}

@inproceedings{gopal2010multilabel,
  title={Multilabel classification with meta-level features},
  author={Gopal, Siddharth and Yang, Yiming},
  booktitle={Proceedings of the 33rd international ACM SIGIR conference on Research and development in information retrieval},
  pages={315--322},
  year={2010},
  organization={ACM}
}

@article{joulin2016bag,
  title={Bag of tricks for efficient text classification},
  author={Joulin, Armand and Grave, Edouard and Bojanowski, Piotr and Mikolov, Tomas},
  journal={arXiv preprint arXiv:1607.01759},
  year={2016}
}

@article{forman2003extensive,
  title={An extensive empirical study of feature selection metrics for text classification},
  author={Forman, George},
  journal={Journal of machine learning research},
  volume={3},
  number={Mar},
  pages={1289--1305},
  year={2003}
}

@article{hochreiter1997long,
  title={Long short-term memory},
  author={Hochreiter, Sepp and Schmidhuber, J{\"u}rgen},
  journal={Neural computation},
  volume={9},
  number={8},
  pages={1735--1780},
  year={1997},
  publisher={MIT Press}
}

@article{barnes2017assessing,
  title={Assessing State-of-the-Art Sentiment Models on State-of-the-Art
      Sentiment Datasets},
  author={Barnes, Jeremy and Klinger, Roman and Walde, Sabine Schulte im},
  journal={arXiv preprint arXiv:1709.04219},
  year={2017}
}

@article{zhou2016text,
  title={Text classification improved by integrating bidirectional LSTM with
      two-dimensional max pooling},
  author={Zhou, Peng and Qi, Zhenyu and Zheng, Suncong and Xu, Jiaming and Bao,
  Hongyun and Xu, Bo},
  journal={arXiv preprint arXiv:1611.06639},
  year={2016}
}

@article{schuster1997bidirectional,
  title={Bidirectional recurrent neural networks},
  author={Schuster, Mike and Paliwal, Kuldip K},
  journal={IEEE Transactions on Signal Processing},
  volume={45},
  number={11},
  pages={2673--2681},
  year={1997},
  publisher={IEEE}
}

@misc{tensorflow2015-whitepaper,
title={ {TensorFlow}: Large-Scale Machine Learning on Heterogeneous Systems},
url={https://www.tensorflow.org/},
note={Software available from tensorflow.org},
author={
    Mart\'{\i}n~Abadi and
    Ashish~Agarwal and
    Paul~Barham and
    Eugene~Brevdo and
    Zhifeng~Chen and
    Craig~Citro and
    Greg~S.~Corrado and
    Andy~Davis and
    Jeffrey~Dean and
    Matthieu~Devin and
    Sanjay~Ghemawat and
    Ian~Goodfellow and
    Andrew~Harp and
    Geoffrey~Irving and
    Michael~Isard and
    Yangqing Jia and
    Rafal~Jozefowicz and
    Lukasz~Kaiser and
    Manjunath~Kudlur and
    Josh~Levenberg and
    Dandelion~Man\'{e} and
    Rajat~Monga and
    Sherry~Moore and
    Derek~Murray and
    Chris~Olah and
    Mike~Schuster and
    Jonathon~Shlens and
    Benoit~Steiner and
    Ilya~Sutskever and
    Kunal~Talwar and
    Paul~Tucker and
    Vincent~Vanhoucke and
    Vijay~Vasudevan and
    Fernanda~Vi\'{e}gas and
    Oriol~Vinyals and
    Pete~Warden and
    Martin~Wattenberg and
    Martin~Wicke and
    Yuan~Yu and
    Xiaoqiang~Zheng},
  year={2015},
}

@inproceedings{sack1994computation,
  title={On the computation of point of view},
  author={Sack, Warren},
  booktitle={AAAI},
  pages={1488},
  year={1994}
}

@article{scikit-learn,
 title={Scikit-learn: Machine Learning in {P}ython},
 author={Pedregosa, F. and Varoquaux, G. and Gramfort, A. and Michel, V.
          and Thirion, B. and Grisel, O. and Blondel, M. and Prettenhofer, P.
          and Weiss, R. and Dubourg, V. and Vanderplas, J. and Passos, A. and
          Cournapeau, D. and Brucher, M. and Perrot, M. and Duchesnay, E.},
 journal={Journal of Machine Learning Research},
 volume={12},
 pages={2825--2830},
 year={2011}
}

@book{biber1991variation,
  title={Variation across speech and writing},
  author={Biber, Douglas},
  year={1991},
  publisher={Cambridge University Press}
}

@inproceedings{karlgren1994recognizing,
  title={Recognizing text genres with simple metrics using discriminant
      analysis},
  author={Karlgren, Jussi and Cutting, Douglass},
  booktitle={Proceedings of the 15th conference on Computational
      linguistics-Volume 2},
  pages={1071--1075},
  year={1994},
  organization={Association for Computational Linguistics}
}

@inproceedings{kessler1997automatic,
  title={Automatic detection of text genre},
  author={Kessler, Brett and Numberg, Geoffrey and Sch{\"u}tze, Hinrich},
  booktitle={Proceedings of the eighth conference on European chapter of the
      Association for Computational Linguistics},
  pages={32--38},
  year={1997},
  organization={Association for Computational Linguistics}
}

@inproceedings{hatzivassiloglou2000effects,
  title={Effects of adjective orientation and gradability on sentence
      subjectivity},
  author={Hatzivassiloglou, Vasileios and Wiebe, Janyce M},
  booktitle={Proceedings of the 18th conference on Computational
      linguistics-Volume 1},
  pages={299--305},
  year={2000},
  organization={Association for Computational Linguistics}
}

@inproceedings{lu2011multi,
  title={Multi-aspect sentiment analysis with topic models},
  author={Lu, Bin and Ott, Myle and Cardie, Claire and Tsou, Benjamin K},
  booktitle={Data Mining Workshops (ICDMW), 2011 IEEE 11th International
      Conference on},
  pages={81--88},
  year={2011},
  organization={IEEE}
}

@article{turney2002unsupervised,
  title={Unsupervised learning of semantic orientation from a
      hundred-billion-word corpus},
  author={Turney, Peter D and Littman, Michael L},
  journal={arXiv preprint cs/0212012},
  year={2002}
}

@article{lipsman2007online,
  title={Online consumer-generated reviews have significant impact on offline
      purchase behavior.” comScore},
  author={Lipsman, Andrew},
  journal={Inc. Industry Analysis},
  pages={2--28},
  year={2007}
}

@article{kim2006forrester,
  title={The forrester wave: Brand monitoring, Q3 2006},
  author={Kim, Peter},
  journal={Forrester Wave (white paper)},
  year={2006}
}

@online{tps2013,
  author = {Raffi Krikorian},
  title = {New Tweets per second record, and how!},
  year = {2013},
  url = {https://blog.twitter.com/engineering/en_us/a/2013/new-tweets-per-second-record-and-how.html},
}

@inproceedings{hotho2005brief,
  title={A brief survey of text mining.},
  author={Hotho, Andreas and N{\"u}rnberger, Andreas and Paa{\ss}, Gerhard},
  booktitle={Ldv Forum},
  volume={20},
  number={1},
  pages={19--62},
  year={2005},
  organization={Citeseer}
}

@article{uysal2014impact,
  title={The impact of preprocessing on text classification},
  author={Uysal, Alper Kursat and Gunal, Serkan},
  journal={Information Processing \& Management},
  volume={50},
  number={1},
  pages={104--112},
  year={2014},
  publisher={Elsevier}
}

@inproceedings{webster1992tokenization,
  title={Tokenization as the initial phase in NLP},
  author={Webster, Jonathan J and Kit, Chunyu},
  booktitle={Proceedings of the 14th conference on Computational
      linguistics-Volume 4},
  pages={1106--1110},
  year={1992},
  organization={Association for Computational Linguistics}
}

@inproceedings{silva2003importance,
  title={The importance of stop word removal on recall values in text
      categorization},
  author={Silva, Catarina and Ribeiro, Bernardete},
  booktitle={Neural Networks, 2003. Proceedings of the International Joint
      Conference on},
  volume={3},
  pages={1661--1666},
  year={2003},
  organization={IEEE}
}

@article{hull1996stemming,
  title={Stemming algorithms: A case study for detailed evaluation},
  author={Hull, David A and others},
  journal={JASIS},
  volume={47},
  number={1},
  pages={70--84},
  year={1996}
}
