@article{salton1975vector,
  title={A vector space model for automatic indexing},
  author={Salton, Gerard and Wong, Anita and Yang, Chung-Shu},
  journal={Communications of the ACM},
  volume={18},
  number={11},
  pages={613--620},
  year={1975},
  publisher={ACM}
}

@inproceedings{pang2002thumbs,
  title={Thumbs up?: sentiment classification using machine learning
      techniques},
  author={Pang, Bo and Lee, Lillian and Vaithyanathan, Shivakumar},
  booktitle={Proceedings of the ACL-02 conference on Empirical methods in
      natural language processing-Volume 10},
  pages={79--86},
  year={2002},
  organization={Association for Computational Linguistics}
}

@inproceedings{maas2011learning,
  title={Learning Word Vectors for Sentiment Analysis},
  author={Maas, Andrew L and Daly, Raymond E and Pham, Peter T and Huang, Dan
      and Ng, Andrew Y and Potts, Christopher},
  booktitle={Proceedings of the 49th annual meeting of the association for
      computational linguistics: Human language technologies-volume 1},
  pages={142--150},
  year={2011},
  organization={Association for Computational Linguistics}
}

@article{sentimenttreebank,
  title={Recursive Deep Models for Semantic Compositionality Over a Sentiment Treebank},
  author={Richard Socher, Alex Perelygin, Jean Wu, Jason Chuang, Christopher Manning, Andrew Ng and Christopher Potts},
  journal={Conference on Empirical Methods in Natural Language Processing},
  year={2013}
}

@article{mitchell2015,
  title={Never-Ending Learning},
  author={T. Mitchell, W. Cohen, E. Hruschka, P. Talukdar, J. Betteridge, A. Carlson, B. Dalvi, M. Gardner, B. Kisiel, J. Krishnamurthy, N. Lao, K. Mazaitis, T. Mohamed, N. Nakashole, E. Platanios, A. Ritter, M. Samadi, B. Settles, R. Wang, D. Wijaya, A. Gupta, X. Chen, A. Saparov, M. Greaves, J. Welling}
  journal={Proceedings of the Conference on Artificial Intelligence (AAAI)},
  year={2015}
}

@article{word2vec,
  title={Distributed Representations of Words and Phrases and their Compositionality},
  author={Tomas Mikolov, Ilya Sutskever, Kai Chen, Greg Corrado, Jeffrey Dean},
  journal={arXiv:1310.4546},
  year={2013}
}

@article{young2017recent,
  title={Recent trends in deep learning based natural language processing},
  author={Young, Tom and Hazarika, Devamanyu and Poria, Soujanya and Cambria, Erik},
  journal={arXiv preprint arXiv:1708.02709},
  year={2017}
}

@article{allahyari2017brief,
  title={A brief survey of text mining: Classification, Clustering and Extraction Techniques},
  author={Allahyari, Mehdi and Pouriyeh, Seyedamin and Assefi, Mehdi and Safaei, Saied and Trippe, Elizabeth D and Gutierrez, Juan B and Kochut, Krys},
  journal={arXiv preprint arXiv:1707.02919},
  year={2017}
}

@article{gantz2012digital,
  title={The digital universe in 2020: Big data, bigger digital shadows, and biggest growth in the far east},
  author={Gantz, John and Reinsel, David},
  journal={IDC iView: IDC Analyze the future},
  volume={2007},
  number={2012},
  pages={1--16},
  year={2012}
}

@article{kim2014convolutional,
  title={Convolutional neural networks for sentence classification},
  author={Kim, Yoon},
  journal={arXiv preprint arXiv:1408.5882},
  year={2014}
}

@inproceedings{gopal2010multilabel,
  title={Multilabel classification with meta-level features},
  author={Gopal, Siddharth and Yang, Yiming},
  booktitle={Proceedings of the 33rd international ACM SIGIR conference on Research and development in information retrieval},
  pages={315--322},
  year={2010},
  organization={ACM}
}

@article{joulin2016bag,
  title={Bag of tricks for efficient text classification},
  author={Joulin, Armand and Grave, Edouard and Bojanowski, Piotr and Mikolov, Tomas},
  journal={arXiv preprint arXiv:1607.01759},
  year={2016}
}

@article{forman2003extensive,
  title={An extensive empirical study of feature selection metrics for text classification},
  author={Forman, George},
  journal={Journal of machine learning research},
  volume={3},
  number={Mar},
  pages={1289--1305},
  year={2003}
}

@article{hochreiter1997long,
  title={Long short-term memory},
  author={Hochreiter, Sepp and Schmidhuber, J{\"u}rgen},
  journal={Neural computation},
  volume={9},
  number={8},
  pages={1735--1780},
  year={1997},
  publisher={MIT Press}
}

@article{barnes2017assessing,
  title={Assessing State-of-the-Art Sentiment Models on State-of-the-Art
      Sentiment Datasets},
  author={Barnes, Jeremy and Klinger, Roman and Walde, Sabine Schulte im},
  journal={arXiv preprint arXiv:1709.04219},
  year={2017}
}

@article{zhou2016text,
  title={Text classification improved by integrating bidirectional LSTM with
      two-dimensional max pooling},
  author={Zhou, Peng and Qi, Zhenyu and Zheng, Suncong and Xu, Jiaming and Bao,
  Hongyun and Xu, Bo},
  journal={arXiv preprint arXiv:1611.06639},
  year={2016}
}
